@misc{WGH,
  key = {Water's gateway to heaven Website},
  title = {Water's gateway to heaven Website},
  howpublished = {\url{https://waters-gateway.boku.ac.at/}},
}

@misc{WWTF,
  key = {Multimodal Imaging of the Vienna Science and Technology Fund Website},
  title = {{Multimodal Imaging of the Vienna Science and Technology Fund} Website},
  howpublished = {\url{https://www.wwtf.at/}},
}

@misc{BOKU,
  key = {University of Natural Resources and Life Sciences Website},
  title = {{University of Natural Resources and Life Sciences} Website},
  howpublished = {\url{https://boku.ac.at/}},
}

@misc{UVI,
  key = {University of Vienna Website},
  title = {{University of Vienna} Website},
  howpublished = {\url{https://www.univie.ac.at/en/}},
}

@misc{TUV,
  key = {Vienna University of Technology},
  title = {{Vienna University of Technology} Website},
  howpublished = {\url{https://www.tuwien.at/}},
}

@misc{PWGH,
  key = {Water's gateway to heaven at PRIP},
  title = {{Water's gateway to heaven at PRIP} Website},
  howpublished = {\url{https://www.prip.tuwien.ac.at/research/current_projects/wgh/}},
}

@misc{CLICK,
  key = {Click Python Package},
  title = {{Click Python Package} Website},
  howpublished = {\url{https://click.palletsprojects.com/}},
}

@misc{RSB,
  key = {Royal society of biology. Gas exchange},
  title = {{Royal society of biology. Gas exchange}},
  howpublished = {\url{https://www.rsb.org.uk/images/12_Gas_exchange.pdf/}},
}

@book{Damiand,
author = {Damiand, Guillaume and Lienhardt, Pascal},
year = {2014},
month = {09},
pages = {},
title = {Combinatorial Maps: Efficient Data Structures for Computer Graphics and Image Processing},
isbn = {9780429170379},
journal = {Combinatorial Maps: Efficient Data Structures for Computer Graphics and Image Processing},
doi = {10.1201/b17403}
}

@article{Moreland,
author = {Moreland, Kenneth},
year = {2016},
month = {02},
pages = {1-6},
title = {Why We Use Bad Color Maps and What You Can Do About It},
volume = {2016},
journal = {Electronic Imaging},
doi = {10.2352/ISSN.2470-1173.2016.16.HVEI-133}
}